<?xml version="1.0" encoding="UTF-8"?><collection xmlns="http://www.loc.gov/MARC21/slim"><record><leader>00464nam--2200133-i-4500</leader><controlfield tag="001">000026376</controlfield><controlfield tag="002">20161230</controlfield><controlfield tag="005">20161230201036</controlfield><controlfield tag="008">060222s1000------------r-----000-0-eng-d</controlfield><datafield ind1=" " ind2=" " tag="080"><subfield code="a">531.73(08)</subfield></datafield><datafield ind1=" " ind2=" " tag="245"><subfield code="a">Instructuni pentru verrificarea instalatiilor etalon cu contor pentru lichide. ed.oficifala</subfield></datafield><datafield ind1=" " ind2=" " tag="260"><subfield code="a">Bucuresti, Ed.Tehnica, 1975. 15p</subfield></datafield><datafield ind1=" " ind2=" " tag="490"><subfield code="a">Inspectoratul General De Stat Pt.Controlul Calitatii Produselor. Inst.National De Metrologie</subfield></datafield><datafield ind1=" " ind2=" " tag="852"><subfield code="a">43532</subfield></datafield></record></collection>